@article{Berbel2011,
  author  = {Neusi Aparecida Navas Berbel},
  journal = {Semina: Ciências Sociais e Humanas},
  title   = {As metodologias ativas e a promoção da autonomia dos estudantes},
  year    = {2011},
  month   = jan,
  number  = {1},
  pages   = {25-40},
  volume  = {32},
  url     = {http://dx.doi.org/10.5433/1679-0359}
}

@misc{Abbirb460,
  author       = {ABB},
  howpublished = {online},
  title        = {IRB 460},
  year         = {2022},
  url          = {https://new.abb.com/products/robotics/industrial-robots/irb-460}
}
@inbook{Blikstein2013,
  author    = {Paulo Blikstein},
  editor    = {Walter-Herrmann, J.; Buching, C. (Eds.)},
  pages     = {1,22},
  publisher = {FabLabs of machines,makers and inventors.},
  title     = {Digital Fabrication and Making in Education:The Democratization of Invention},
  year      = {2013},
  journal   = {WALTER-HERRMANN, J.; BUCHING, C. (Eds.)}
}

@book{Carrara2004,
  author    = {Valdemir Carrara},
  publisher = {Universidade de Braz Cubas},
  title     = {Apostila de Robótica},
  year      = {2004}
}

@book{Craig2005,
  title     = {Introduction to robotics: mechanics and control},
  author    = {Craig, John J},
  year      = {2005},
  publisher = {Pearson Educacion}
}
@misc{FILIPEFLOP2022,
  author = {FILIPEFLOP},
  title  = {Motor Shield L293D Driver Ponte H para Arduino},
  year   = {2022},
  url    = {https://www.filipeflop.com/produto/motor-shield-l293d-driver-ponte-h-para-arduino}
}

@article{Granatyr2017,
  author  = {Jones Granatyr},
  journal = {Expert Academy},
  title   = {Robô Unimate},
  year    = {2017},
  url     = {https://iaexpert.academy/2017/05/11/robo-unimate/}
}

@misc{Granatyr2017a,
  author    = {Jones Granatyr},
  month     = {May},
  title     = {Robô Unimate},
  year      = {2017},
  publisher = {Expert Academy},
  url       = {https://iaexpert.academy/2017/05/11/robo-unimate/}
}

@book{Groover1989,
  author = {Mikell P. Groover},
  editor = {Mc Graw Hill},
  title  = {Robótica Tecnologia e Programação},
  year   = {1989}
}

@book{Groover1989a,
  author     = {Mikell P. Groover},
  publisher  = {McGraw Hill},
  title      = {Robótica: Tecnologia e Programação},
  year       = {1989},
  alteditor  = {McGraw Hill},
  optaddress = {São Paulo},
  optannote  = {•},
  optedition = {•},
  optkey     = {•},
  optmonth   = {•},
  optnote    = {•},
  optnumber  = {•},
  optseries  = {•},
  optvolume  = {•}
}

@article{Heer2021,
  author  = {Carsten Heer},
  journal = {Revista IFR},
  title   = {IFR presents World Robotics 2021 reports.},
  year    = {2021},
  url     = {https://ifr.org/ifr-press-releases/news/robot-sales-rise-again}
}

@article{Heer2021a,
  author  = {Carsten Heer},
  journal = {Revista IFR},
  title   = {IFR presents World Robotics 2021 reports},
  year    = {2021},
  month   = {October},
  url     = {https://ifr.org/ifr-press-releases/news/robot-sales-rise-again},
  yearr   = {2021}
}

@misc{IEEE2018,
  author       = {Erico Guizzo},
  howpublished = {online},
  title        = {What is a robot},
  year         = {2018},
  url          = {https://robots.ieee.org/learn/what-is-a-robot/}
}

@mastersthesis{Lopes2002,
  author = {António Mendes Lopes},
  school = {Universidade do Porto},
  title  = {Modelação Cinemática e Dinâmica deManipuladores de Estrutura em Série},
  year   = {2002}
}

@article{Marini2019,
  author  = {Eduardo Marini},
  journal = {Revista Educação},
  title   = {A expansão da Cultura Maker nas escolas brasileiras},
  year    = {2019},
  url     = {https://revistaeducacao.com.br/2019/02/18/cultura-maker-escolas/}
}

@misc{Marini2019a,
  author    = {Eduardo Marini},
  title     = {A expansão da Cultura Maker nas escolas brasileiras},
  year      = {2019},
  publisher = {Revista Educação},
  url       = {https://revistaeducacao.com.br/2019/02/18/cultura-maker-escolas/}
}

@article{nascimento2019,
  title={Introdu{\c{c}}ao ao v-rep: Uma plataforma virtual para simula{\c{c}}ao de rob{\^o}s},
  author={Nascimento, Lu{\'\i}s BP and Pereira, Diego S and Santos, Vitor G and Fernandes, Daniel HS and Alsina, Pablo J},
  journal={Sociedade Brasileira de Computa{\c{c}}{\~a}o},
  year={2019}
}

@mastersthesis{Nilsson2009,
  author = {Rickard Nilsson},
  school = {Luleå University of Technology},
  title  = {Inverse Kinematics},
  year   = {2009}
}

@book{Perrenoud2002,
  author = {Philippe Perrenoud},
  editor = {Artmed Editora},
  title  = {A Prática Reflexiva no Ofício do Professor :Profissionalização e razão pedagógica},
  year   = {2002}
}

@misc{philohome2020,
  author = {Philippe "Philo" Hurbain},
  title  = {NXT® motor internals},
  year   = {2020},
  url    = {https://www.philohome.com/nxtmotor/nxtmotor.htm}
}

@conference{Raabe2016,
  author  = {André Luís Raabe},
  title   = {Uma estação móvel que possibilita transformar a sala de aula em espaço maker},
  year    = {2016},
  journal = {I CONFERÊNCIA FABLEARN BRASIL},
  url     = {https://fablearn.org/wp-content/uploads/2016/09/FLBrazil_2016_paper_149.pdf}
}
@mastersthesis{Rios2009,
  author  = {Claudio Fernando Rios},
  school  = {Universidade Federal do Rio Grande do Sul},
  title   = {Projeto e construção de um robô cartesiano com acionamento pneumático},
  year    = {2009},
  address = {Porto Alegre},
  note    = {Mestre em Engenharia Mecânica},
  url     = {https://lume.ufrgs.br/handle/10183/17887}
}

@article{Rodrigues2021,
  author  = {Greice Provesi Paes Rodrigues and Milena Palhano and Geraldo Vieceli},
  journal = {Revista Educação Pública},
  title   = {O uso da cultura maker no ambiente escolar},
  year    = {2021},
  month   = aug,
  number  = {33},
  volume  = {21},
  url     = {https://educacaopublica.cecierj.edu.br/artigos/21/33/o-uso-da-cultura-maker-no-ambiente-escolar}
}

@inproceedings{rtb2021,
  title        = {Not your grandmother's toolbox--the Robotics Toolbox reinvented for Python},
  author       = {Corke, Peter and Haviland, Jesse},
  booktitle    = {2021 IEEE International Conference on Robotics and Automation (ICRA)},
  pages        = {11357--11363},
  year         = {2021},
  organization = {IEEE}
}
@book{Santos2004,
  author    = {Vítor M F Santos},
  editor    = {Depatarmento de Engenharia Mecânica},
  publisher = {Universidade de Aveiro},
  title     = {Robótica Industrial},
  year      = {2004},
  address   = {Portugal}
}

@book{Siciliano2009,
  author    = {Bruno Siciliano and Lorenzo Sciavicco and Luigi Villani and Giuseppe Oriolo},
  publisher = {Springer},
  title     = {Robotics: Modeling, Planning and Control},
  year      = {2009}
}

@book{Spong2020,
  author    = {Mark W. Spong And Seth Hutchinson And M. Vidyasagar},
  publisher = {Wiley},
  title     = {Robot Modeling and Control},
  year      = {2020}
}

@mastersthesis{Vale2011,
  author  = {Valentina Alessandra Carvalho do Vale},
  school  = {Universidade Federal da Paraíba},
  title   = {Controle de posição de um robô cartesiano por meio de técnicas adaptativas},
  year    = {2011},
  address = {Paraíba},
  note    = {Tese Mestrado em Engenharia Mecânica},
  url     = {https://repositorio.ufpb.br/jspui/bitstream/tede/5311/1/arquivototal.pdf}
}

@Article{Montenegro2022,
AUTHOR = {Montenegro, Guelis and Chacón, Roberto and Fabregas, Ernesto and Garcia, Gonzalo and Schröder, Karla and Marroquín, Alberto and Dormido-Canto, Sebastián and Farias, Gonzalo},
TITLE = {Modeling and Control of a Spherical Robot in the CoppeliaSim Simulator},
JOURNAL = {Sensors},
VOLUME = {22},
YEAR = {2022},
NUMBER = {16},
ARTICLE-NUMBER = {6020},
URL = {https://www.mdpi.com/1424-8220/22/16/6020},
PubMedID = {36015783},
ISSN = {1424-8220},
ABSTRACT = {This article presents the development of a model of a spherical robot that rolls to move and has a single point of support with the surface. The model was developed in the CoppeliaSim simulator, which is a versatile tool for implementing this kind of experience. The model was tested under several scenarios and control goals (i.e., position control, path-following and formation control) with control strategies such as reinforcement learning, and Villela and IPC algorithms. The results of these approaches were compared using performance indexes to analyze the performance of the model under different scenarios. The model and examples with different control scenarios are available online.},
DOI = {10.3390/s22166020}
}

@inproceedings{wang2023,
  title={Transfer Reinforcement Learning of Robotic Grasping Training using Neural Networks with Lateral Connections},
  author={Wang, Wenxiao and Wang, Xiaojuan and Li, Renqiang and Jiang, Haosheng and Liu, Ding and Ping, Xubin},
  booktitle={2023 IEEE 12th Data Driven Control and Learning Systems Conference (DDCLS)},
  pages={489--494},
  year={2023},
  organization={IEEE}
}

@article{ferro2022,
  title={A CoppeliaSim dynamic simulator for the da Vinci Research Kit},
  author={Ferro, Marco and Mirante, Alessandro and Ficuciello, Fanny and Vendittelli, Marilena},
  journal={IEEE Robotics and Automation Letters},
  volume={8},
  number={1},
  pages={129--136},
  year={2022},
  publisher={IEEE}
}

@inproceedings{fontanelli2018,
  title={A v-rep simulator for the da vinci research kit robotic platform},
  author={Fontanelli, Giuseppe Andrea and Selvaggio, Mario and Ferro, Marco and Ficuciello, Fanny and Vendittelli, Marilena and Siciliano, Bruno},
  booktitle={2018 7th IEEE International Conference on Biomedical Robotics and Biomechatronics (Biorob)},
  pages={1056--1061},
  year={2018},
  organization={IEEE}
}

@article{pereira,
  title={Implementation of laser sensors to locate, identify and pick up objects in an autonomous robot: a simulation approach in CoppeliaSim/ROS},
  author={Pereira, Jonathas HM and Joventino, Carlos F and Fabro, Joao A and de Oliveira, Andr{\'e} Schneider}
}

@inproceedings{coelho2021,
  title={Study of the locomotion of a hexapod using CoppeliaSim and ROS},
  author={Coelho, Joana and S{\'a}, Rafaela and Ribeiro, Tiago and Ribeiro, Fernando and Dias, Bruno and Lopes, Gil and Flores, Paulo},
  booktitle={2021 International Conference on Computers and Automation (CompAuto)},
  pages={109--116},
  year={2021},
  organization={IEEE}
}

@article{wang2022research,
  title={Research on Door Opening Operation of Mobile Robotic Arm Based on Reinforcement Learning},
  author={Wang, Yang and Wang, Liming and Zhao, Yonghui},
  journal={Applied Sciences},
  volume={12},
  number={10},
  pages={5204},
  year={2022},
  publisher={MDPI}
}

@INPROCEEDINGS{Obdrzalek2017,
  author={Obdržálek, Zbyněk},
  booktitle={2017 International Conference on Military Technologies (ICMT)}, 
  title={Mobile agents in multi-agent UAV/UGV system}, 
  year={2017},
  volume={},
  number={},
  pages={753-759},
  doi={10.1109/MILTECHS.2017.7988857}}

@INPROCEEDINGS{knoll2017,
  author={Knoll, Jacob and Hevrdejs, Kyle and Malinowski, Aleksander and Miah, Suruz},
  booktitle={2017 IEEE 26th International Symposium on Industrial Electronics (ISIE)}, 
  title={Virtual robot experiments for navigation in structured environments}, 
  year={2017},
  volume={},
  number={},
  pages={1173-1178},
  doi={10.1109/ISIE.2017.8001411}}

@INPROCEEDINGS{Tanberk2017,
  author={Tanberk, Senem and Tükel, Dilek Bilgin},
  booktitle={IEEE EUROCON 2017 -17th International Conference on Smart Technologies}, 
  title={Kinect controlled chess playing robot}, 
  year={2017},
  volume={},
  number={},
  pages={594-598},
  doi={10.1109/EUROCON.2017.8011181}}

@article{haviland2023dkt1,
  author={Haviland, Jesse and Corke, Peter},
  title={Manipulator Differential Kinematics: Part I: Kinematics, Velocity, and Applications},
  journal={IEEE Robotics \& Automation Magazine}, 
  year={2023},
  pages={2-12},
  doi={10.1109/MRA.2023.3270228}
}

@article{peng2019,
  title={An enhanced kinematic model for calibration of robotic machining systems with parallelogram mechanisms},
  author={Peng, Jingfu and Ding, Ye and Zhang, Gang and Ding, Han},
  journal={Robotics and Computer-Integrated Manufacturing},
  volume={59},
  pages={92--103},
  year={2019},
  publisher={Elsevier}
}

@article{towebb2012,
  title={An improved kinematic model for calibration of serial robots having closed-chain mechanisms},
  author={To, Minh and Webb, Phil},
  journal={Robotica},
  volume={30},
  number={6},
  pages={963--971},
  year={2012},
  publisher={Cambridge University Press}
}

@article{costa2017,
  title={Análise da Cinemática Inversa de um Protótipo Baseado no Manipulador Robótico IRB 460},
  author={Costa, Gabriel Ruiz and Bazani, Márcio Antônio},
  journal={Proceeding Series of the Brazilian Society of Computational and Applied Mathematics},
  volume={5},
  number={1},
  year={2017}
}

@article{gienke2019,
  title={Mode coupling chatter prediction and avoidance in robotic machining process},
  author={Gienke, Orm and Pan, Zengxi and Yuan, Lei and Lepper, Thomas and Van Duin, Stephen},
  journal={The International Journal of Advanced Manufacturing Technology},
  volume={104},
  pages={2103--2116},
  year={2019},
  publisher={Springer}
}

@inproceedings{hayati1983,
  title={Robot arm geometric link parameter estimation},
  author={Hayati, Samad A},
  booktitle={The 22nd IEEE Conference on Decision and Control},
  pages={1477--1483},
  year={1983},
  organization={IEEE}
}

@inproceedings{newman2000,
  title={Calibration of a Motoman P8 robot based on laser tracking},
  author={Newman, Wyatt S and Birkhimer, Craig E and Horning, Robert J and Wilkey, Ann T},
  booktitle={Proceedings 2000 ICRA. Millennium Conference. IEEE International Conference on Robotics and Automation. Symposia Proceedings (Cat. No. 00CH37065)},
  volume={4},
  pages={3597--3602},
  year={2000},
  organization={IEEE}
}

@article{alici2005,
  title={A systematic technique to estimate positioning errors for robot accuracy improvement using laser interferometry based sensing},
  author={Alici, G{\"u}rsel and Shirinzadeh, Bijan},
  journal={Mechanism and Machine Theory},
  volume={40},
  number={8},
  pages={879--906},
  year={2005},
  publisher={Elsevier}
}

@Manual{MoneyCoomes2021,
  title    = {easyEEZYbotARM Controller},
  author   = {Ben Money-Coomes},
  year     = {2021},
  abstract = {A python and arduino controller for the EEZYbotARM Mk1 & Mk2 (Includes 3-D kinematics).},
  url      = {https://github.com/meisben/easyEEZYbotARM},
}

@article{baumgartner2022trip,
  title={TriP: A Python package for the kinematic modeling of serial-parallel hybrid robots},
  author={Baumg{\"a}rtner, Jan and Miller, Torben},
  journal={Journal of Open Source Software},
  volume={7},
  number={71},
  pages={3967},
  year={2022}
}
@Comment{jabref-meta: databaseType:bibtex;}
